@misc{collins,
   author = {Collins English Dictionary},
   title = {Phishing},
   volume = {2014},
   number = {April 7},
   url = {http://www.collinsdictionary.com/dictionary/american/phishing},
   type = {Web Page}
}

@article{lai,
  author = {Lai, Willy},
  title={Fitting Power Law Distributions to Data},
  author={Lai, Willy},
  publisher={Citeseer}
}

@article{litan2004phishing,
  title={Phishing victims likely will suffer identity theft fraud},
  author={Litan, Avivah},
  journal={Gartner Research Note (May 14, 2004)},
  year={2004}
}

@misc{merriam,
   author = {Merriam Webster},
   title = {Phishing},
   volume = {2014},
   number = {April 7},
   url = {http://www.merriam-webster.com/dictionary/phishing},
   type = {Web Page}
}

@misc{oxford,
   author = {Oxford Dictionaries},
   title = {Phishing},
   publisher = {Oxford University Press},
   volume = {2014},
   number = {April 14},
   url = {http://www.oxforddictionaries.com/definition/english/phishing},
   type = {Web Page}
}

@misc{phishorg,
   author = {Phishing.org},
   title = {History of Phishing},
   volume = {2014},
   number = {April 10},
   url = {http://www.phishing.org/history-of-phishing/},
   type = {Web Page}
}

@article{tally:2004,
   author = {Tally, Gregg and Thomas, Roshan and Van Vleck, Tom},
   title = {Anti-Phishing: Best Practices for Institutions and Consumers},
   journal = {McAfee Research, Mar},
   year = {2004},
   type = {Journal Article}
}

@article{wetzel:2005,
   author = {Wetzel, Rebecca},
   title = {Tackling phishing},
   journal = {Business Communications Review},
   volume = {35},
   number = {2},
   pages = {46-49},
   year = {2005},
   type = {Journal Article}
}

@misc{ telemarket:2013,
   author = "Inspired Telemarketing",
   title = "5 tips for getting past receptionists!",
   year = "2013",
   url = "http://inspiredtelemarketing.wordpress.com/2013/09/13/5-tips-for-getting-past-receptionists/",
   note = "[Online; accessed 16-July-2014]"
 }
 
   @misc{ npdn:2013,
   author = "National Plant Diagnostic Network",
   title = "Types of Social Engineering",
   url = "http://www.npdn.org/social_engineering_types",
   note = "[Online; accessed 16-July-2014]"
 }
 
 @article{mccall2007gartner,
  title={Gartner survey shows phishing attacks escalated in 2007; more than \$3 billion lost to these attacks},
  author={McCall, Tom},
  journal={Stephane GALLAND},
  year={2007}
}

@misc{ adam:2014,
   author = "Adam Greenberg",
   title = "Medical staffers fall for phishing emails, data on 8,300 compromised",
   url = "http://www.scmagazine.com/medical-staffers-fall-for-phishing-emails-data-on-8300-compromised/article/340590/",
   note = "[Online; accessed 13-May-2014]"
 }
 
 @misc{ ashley:2014,
   author = "Ashley Carman",
   title = "Phishing scam targets Michigan public schools",
   url = "http://www.scmagazine.com/phishing-scam-targets-michigan-public-schools/article/343177/",
   note = "[Online; accessed 13-May-2014]"
 }
 
@misc{ teri:2014,
   author = "Teri Robinson",
   title = "Phishing scam aimed at Google Docs, Drive users",
   url = "http://www.scmagazine.com/phishing-scam-aimed-at-google-docs-drive-users/article/338369/",
   note = "[Online; accessed 13-May-2014]"
 }
 
  @misc{ phishtank,
   author = "OpenDNS",
   title = "Phishtank: Out of the Net, into the Tank",
   url = "http://www.phishtank.com/faq.phpk",
   note = "[Online; accessed 13-May-2014]"
 }
 
 @misc{ phishguru,
   author = "Wombat security technology",
   title = "PhishGuru: Assess and Motivate Your Employees using Simulated Phishing Attacks",
   url = "http://www.wombatsecurity.com/phishguru",
   note = "[Online; accessed 23-May-2014]"
 }