@techreport{aaron:2013,
   author = {Aaron, Greg and Rasmussen, Rod and Routt, Aaron},
   title = {Global Phishing Survey: Trends and Domain Name Use in 2H2012},
   institution = {APWG},
   year = {2013},
   type = {Report}
}

@article{albrechtsen:2007,
   author = {Albrechtsen, Eirik},
   title = {A qualitative study of users' view on information security},
   journal = {Computers \& security},
   volume = {26},
   number = {4},
   pages = {276-289},
   ISSN = {0167-4048},
   year = {2007},
   type = {Journal Article}
}

@article{allen:1990,
   author = {Allen, Natalie J and Meyer, John P},
   title = {The measurement and antecedents of affective, continuance and normative commitment to the organization},
   journal = {Journal of occupational psychology},
   volume = {63},
   number = {1},
   pages = {1-18},
   ISSN = {2044-8325},
   year = {1990},
   type = {Journal Article}
}

@phdthesis{alnajim:2009,
   author = {Alnajim, Abdullah M},
   title = {Fighting internet fraud: anti-phishing effectiveness for phishing websites detection},
   university = {Durham University},
   year = {2009},
   type = {Thesis}
}

@techreport{apcert:2011,
   author = {APCERT},
   title = {APCERT Annual Report 2011},
   institution = {Asia Pasific Computer Emergency Response Team},
   url = {http://www.apcert.org/documents/pdf/APCERT_Annual_Report_2011.pdf},
   year = {2011},
   type = {Report}
}

@techreport{apcert:2012,
   author = {APCERT},
   title = {APCERT Annual Report 2012},
   institution = {Asia Pasific Computer Emergency Response Team},
   url = {http://www.apcert.org/documents/pdf/APCERT_Annual_Report_2012.pdf},
   year = {2012},
   type = {Report}
}

@book{arief:2006,
   author = {Arief, Barda Nawawi},
   title = {Tindak pidana mayantara: perkembangan kajian cyber crime di Indonesia},
   publisher = {RajaGrafindo Persada},
   ISBN = {9797690741},
   year = {2006},
   type = {Book}
}

@article{baker:2008,
   title={Consumer privacy and trust online: an experimental analysis of anti-phishing promotional effects},
  author={Baker, Emiley M and Tedesco, John C and Baker, Wade H},
  journal={Journal of Website Promotion},
  volume={2},
  number={1-2},
  pages={89--113},
  year={2008},
  publisher={Taylor \& Francis}
}

@article{barraclough:2013,
 title={Intelligent phishing detection and protection scheme for online transactions},
  author={Barraclough, PA and Hossain, MA and Tahir, MA and Sexton, Graham and Aslam, Nauman},
  journal={Expert Systems with Applications},
  volume={40},
  number={11},
  pages={4697--4706},
  year={2013},
  publisher={Elsevier}
}

@article{brehm:1966,
   author = {Brehm, Jack W},
   title = {A theory of psychological reactance},
   journal = {New York},
   year = {1966},
   type = {Journal Article}
}

@article{bresz:2004,
  title={People--Often the weakest link in security, but one of the best places to start},
  author={Bresz, FP},
  journal={Journal of Health Care Compliance},
  volume={6},
  number={4},
  pages={57--60},
  year={2004},
  publisher={Academic Press}
}

@inbook{broadhurst:2013,
  title={Cybercrime in Asia: Trends and Challenges},
  author={Broadhurst, Roderic and Chang, Lennon YC},
  booktitle={Handbook of Asian Criminology},
  pages={49--63},
  year={2013},
  publisher={Springer}
}

@inproceedings{budgen:2006,
  title={Performing systematic literature reviews in software engineering},
  author={Budgen, David and Brereton, Pearl},
  booktitle={Proceedings of the 28th international conference on Software engineering},
  pages={1051--1052},
  year={2006},
  organization={ACM}
}

@article{calluzzo:2004,
  title={Ethics in information technology and software use},
  author={Calluzzo, Vincent J and Cante, Charles J},
  journal={Journal of Business Ethics},
  volume={51},
  number={3},
  pages={301--312},
  year={2004},
  publisher={Springer}
}

@inproceedings{chandrasekaran:2006,
  title={Phishing email detection based on structural properties},
  author={Chandrasekaran, Madhusudhanan and Narayanan, Krishnan and Upadhyaya, Shambhu},
  booktitle={NYS Cyber Security Conference},
  pages={1--7},
  year={2006}
}

@article{chen:2010,
  title={Detecting visually similar Web pages: Application to phishing detection},
  author={Chen, Teh-Chung and Dick, Scott and Miller, James},
  journal={ACM Transactions on Internet Technology (TOIT)},
  volume={10},
  number={2},
  pages={5},
  year={2010},
  publisher={ACM}
}

@article{chen:2007,
  title={Optimal worm-scanning method using vulnerable-host distributions},
  author={Chen, Zesheng and Ji, Chuanyi},
  journal={International Journal of Security and Networks},
  volume={2},
  number={1},
  pages={71--80},
  year={2007},
  publisher={Inderscience}
}

@inproceedings{chhabra:2011,
   title={Phi. sh/\$ oCiaL: the phishing landscape through short URLs},
  author={Chhabra, Sidharth and Aggarwal, Anupama and Benevenuto, Fabricio and Kumaraguru, Ponnurangam},
  booktitle={Proceedings of the 8th Annual Collaboration, Electronic messaging, Anti-Abuse and Spam Conference},
  pages={92--101},
  year={2011},
  organization={ACM}
}

@inbook{chia:2012,
 title={Re-evaluating the wisdom of crowds in assessing web security},
  author={Chia, Pern Hui and Knapskog, Svein Johan},
  booktitle={Financial Cryptography and Data Security},
  pages={299--314},
  year={2012},
  publisher={Springer}
}

@article{cialdini:2001,
   author = {Cialdini, Robert},
   title = {The science of persuasion},
   journal = {Scientific American Mind},
   ISSN = {1555-2284},
   year = {2001},
   type = {Journal Article}
}

@article{clauset:2009,
title={Power-law distributions in empirical data},
  author={Clauset, Aaron and Shalizi, Cosma Rohilla and Newman, Mark EJ},
  journal={SIAM review},
  volume={51},
  number={4},
  pages={661--703},
  year={2009},
  publisher={SIAM}
}

@article{clayton:2005,
   title={A Chat at the Old Phishin'Hole},
  author={Clayton, Richard and Dean, Drew and Jakobsson, Markus and Myers, Steven and Stubblebine, Stuart and Szydlo, Michael},
  journal={Lecture Notes in Computer Science},
  volume={3570},
  pages={88},
  year={2005},
  publisher={Springer-Verlag}
}

@inproceedings{collins:2007,
  title={Using uncleanliness to predict future botnet addresses},
  author={Collins, M Patrick and Shimeall, Timothy J and Faber, Sidney and Janies, Jeff and Weaver, Rhiannon and De Shon, Markus and Kadane, Joseph},
  booktitle={Proceedings of the 7th ACM SIGCOMM conference on Internet measurement},
  pages={93--104},
  year={2007},
  organization={ACM}
}

@article{colwill:2009,
  title={Human factors in information security: The insider threat--Who can you trust these days?},
  author={Colwill, Carl},
  journal={Information security technical report},
  volume={14},
  number={4},
  pages={186--196},
  year={2009},
  publisher={Elsevier}
}

@article{debar:2006,
   author = {Debar, Herv√© and Viinikka, Jouni},
   title = {Security information management as an outsourced service},
   journal = {Information management \& computer security},
   volume = {14},
   number = {5},
   pages = {417-435},
   ISSN = {0968-5227},
   year = {2006},
   type = {Journal Article}
}

@inbook{delcastillo:2007,
   author = {del Castillo, M Dolores and Iglesias, Angel and Serrano, J Ignacio},
   title = {Detecting phishing e-mails by heterogeneous classification},
   booktitle = {Intelligent Data Engineering and Automated Learning-IDEAL 2007},
   publisher = {Springer},
   pages = {296-305},
   ISBN = {3540772251},
   year = {2007},
   type = {Book Section}
}

@article{dewi:2013,
   author = {Dewi, Shinta Septiana},
   title = {Upaya pemerintahan indonesia dalam menangani kasus cybercrime (Study kasus Cyberporn di Indonesia)},
   year = {2013},
   type = {Journal Article}
}

@inproceedings{dhamija2006phishing,
  title={Why phishing works},
  author={Dhamija, Rachna and Tygar, J Doug and Hearst, Marti},
  booktitle={Proceedings of the SIGCHI conference on Human Factors in computing systems},
  pages={581--590},
  year={2006},
  organization={ACM}
}

@article{dodge:2007,
   author = {Dodge Jr, Ronald C and Carver, Curtis and Ferguson, Aaron J},
   title = {Phishing for user security awareness},
   journal = {Computers \& Security},
   volume = {26},
   number = {1},
   pages = {73-80},
   ISSN = {0167-4048},
   year = {2007},
   type = {Journal Article}
}

@article{dong:2010,
   author = {Dong, Xun and Clark, John A and Jacob, Jeremy L},
   title = {Defending the weakest link: phishing websites detection by analysing user behaviours},
   journal = {Telecommunication Systems},
   volume = {45},
   number = {2-3},
   pages = {215-226},
   ISSN = {1018-4864},
   year = {2010},
   type = {Journal Article}
}

@inproceedings{egan:2011,
   author = {Egan, Shaun and Irwin, Barry},
   title = {An evaluation of lightweight classification methods for identifying malicious URLs},
   booktitle = {Information Security South Africa (ISSA), 2011},
   publisher = {IEEE},
   pages = {1-6},
   ISBN = {1457714817},
   type = {Conference Proceedings}
}

@article{emigh:2005,
   author = {Emigh, Aaron},
   title = {Online identity theft: Phishing technology, chokepoints and countermeasures},
   journal = {ITTC Report on Online Identity Theft Technology and Countermeasures},
   volume = {3},
   year = {2005},
   type = {Journal Article}
}

@inproceedings{fellman:2004,
   author = {Fellman, Philip V and Rodriguez, Robert},
   title = {The Dark Side of the Internet},
   booktitle = {International Federation for Information Processing, International Meeting, "IT Innovation for Adaptability and Competitiveness"},
   type = {Conference Proceedings}
}

@article{franceschet:2010,
   author = {Franceschet, Massimo},
   title = {A comparison of bibliometric indicators for computer science scholars and journals on Web of Science and Google Scholar},
   journal = {Scientometrics},
   volume = {83},
   number = {1},
   pages = {243-258},
   ISSN = {0138-9130},
   year = {2010},
   type = {Journal Article}
}

@inbook{frauenstein:2013,
  title={An Enterprise Anti-phishing Framework},
  author={Frauenstein, Edwin Donald and von Solms, Rossouw},
  booktitle={Information Assurance and Security Education and Training},
  pages={196--203},
  year={2013},
  publisher={Springer}
}

@article{fuady:2012,
   author = {Fuady, Muhammad},
   title = {"Cybercrime": Fenomena Kejahatan melalui Internet di Indonesia},
   journal = {Mediator},
   volume = {6},
   number = {2},
   pages = {255-264},
   ISSN = {1411-5883},
   year = {2012},
   type = {Journal Article}
}

@inproceedings{garfinkel:2005,
   author = {Garfinkel, Simson L and Margrave, David and Schiller, Jeffrey I and Nordlander, Erik and Miller, Robert C},
   title = {How to make secure email easier to use},
   booktitle = {Proceedings of the SIGCHI conference on Human factors in computing systems},
   publisher = {ACM},
   pages = {701-710},
   ISBN = {1581139985},
   type = {Conference Proceedings}
}

@article{gollese:2006,
   author = {Gollese, Petrus Reinhart},
   title = {Perkembangan cybercrime dan upaya penanganannya Di indonesia oleh polri},
   journal = {Jakarta: Buletin Hukum Perbankan dan kebanksentralan},
   volume = {4},
   year = {2006},
   type = {Journal Article}
}

@article{gupta:2011,
   author = {Gupta, Gaurav and Pieprzyk, Josef},
   title = {Socio-technological phishing prevention},
   journal = {Information Security Technical Report},
   volume = {16},
   number = {2},
   pages = {67-73},
   ISSN = {1363-4127},
   year = {2011},
   type = {Journal Article}
}

@article{hamzah:2009,
   author = {Hamzah, Andi},
   title = {Upaya Pencegahan dan Penanggulangan Kejahatan Internet (Cybercrime) di Indonesia},
   journal = {Serial Online},
   volume = {28},
   year = {2009},
   type = {Journal Article}
}

@inproceedings{herley:2009,
  title={A profitless endeavor: phishing as tragedy of the commons},
  author={Herley, Cormac and Flor{\^e}ncio, Dinei},
  booktitle={Proceedings of the 2008 workshop on New security paradigms},
  pages={59--70},
  year={2009},
  organization={ACM}
}

@article{hong:2012,
   author = {Hong, Jason},
   title = {The state of phishing attacks},
   journal = {Communications of the ACM},
   volume = {55},
   number = {1},
   pages = {74-81},
   ISSN = {0001-0782},
   year = {2012},
   type = {Journal Article}
}

@article{huang:2012,
   author = {Huang, Huajun and Qian, Liang and Wang, Yaojun},
   title = {A SVM-based Technique to Detect Phishing URLs},
   journal = {Information Technology Journal},
   volume = {11},
   number = {7},
   ISSN = {1812-5638},
   year = {2012},
   type = {Journal Article}
}

@inproceedings{huang:2009,
   author = {Huang, Huajun and Tan, Junshan and Liu, Lingxi},
   title = {Countermeasure techniques for deceptive phishing attack},
   booktitle = {New Trends in Information and Service Science, 2009. NISS'09. International Conference on},
   publisher = {IEEE},
   pages = {636-641},
   ISBN = {0769536875},
   type = {Conference Proceedings}
}

@inproceedings{jakobsson:2005,
   author = {Jakobsson, Markus},
   title = {Modeling and preventing phishing attacks},
   booktitle = {Financial Cryptography},
   publisher = {Citeseer},
   volume = {5},
   type = {Conference Proceedings}
}

@article{jakobsson:2007,
   author = {Jakobsson, Markus},
   title = {The human factor in phishing},
   journal = {Privacy \& Security of Consumer Information},
   volume = {7},
   pages = {1-19},
   year = {2007},
   type = {Journal Article}
}

@book{jakobsson:2006,
   author = {Jakobsson, Markus and Myers, Steven},
   title = {Phishing and countermeasures: understanding the increasing problem of electronic identity theft},
   publisher = {John Wiley \& Sons},
   ISBN = {0470086092},
   year = {2006},
   type = {Book}
}

@book{james:2005,
   author = {James, Lance},
   title = {Phishing exposed},
   publisher = {Syngress},
   ISBN = {0080489532},
   year = {2005},
   type = {Book}
}

@article{jansson:2013,
   author = {Jansson, K and Von Solms, R},
   title = {Phishing for phishing awareness},
   journal = {Behaviour \& Information Technology},
   volume = {32},
   number = {6},
   pages = {584-593},
   ISSN = {0144-929X},
   year = {2013},
   type = {Journal Article}
}

@article{jones:2004,
   author = {Jones, Russell L and Rastogi, Abhinav},
   title = {Secure coding: building security into the software development life cycle},
   journal = {Information Systems Security},
   volume = {13},
   number = {5},
   pages = {29-39},
   ISSN = {1065-898X},
   year = {2004},
   type = {Journal Article}
}

@article{keyser:2002,
   author = {Keyser, Mike},
   title = {Council of Europe Convention on Cybercrime, The},
   journal = {J. Transnat'l L. \& Pol'y},
   volume = {12},
   pages = {287},
   year = {2002},
   type = {Journal Article}
}

@article{kirlappos:2012,
   author = {Kirlappos, Iacovos and Sasse, Martina Angela},
   title = {Security Education against Phishing: A Modest Proposal for a Major Rethink},
   journal = {IEEE Security and Privacy Magazine},
   volume = {10},
   number = {2},
   pages = {24-32},
   year = {2012},
   type = {Journal Article}
}

@book{kowalski:1994,
   author = {Kowalski, Stewart},
   title = {IT insecurity: a multi-disciplinary inquiry},
   publisher = {Univ.},
   ISBN = {9171532072},
   year = {1994},
   type = {Book}
}

@inproceedings{kumaraguru:2009,
title={School of phish: a real-world evaluation of anti-phishing training},
  author={Kumaraguru, Ponnurangam and Cranshaw, Justin and Acquisti, Alessandro and Cranor, Lorrie and Hong, Jason and Blair, Mary Ann and Pham, Theodore},
  booktitle={Proceedings of the 5th Symposium on Usable Privacy and Security},
  pages={3},
  year={2009},
  organization={ACM}
}

@inproceedings{kumaraguru:2008,
   author = {Kumaraguru, Ponnurangam and Sheng, Steve and Acquisti, Alessandro and Cranor, Lorrie Faith and Hong, Jason},
   title = {Lessons from a real world evaluation of anti-phishing training},
   booktitle = {eCrime Researchers Summit, 2008},
   publisher = {IEEE},
   pages = {1-12},
   ISBN = {1424429692},
   type = {Conference Proceedings}
}

@article{kwanadi:2006,
   author = {Kwanadi, Devina},
   title = {Cybercrime yang terjadi di Indonesia dan Kebijakan yang diambil Pemerintah Indonesia dalam Menangani Kasus Tersebut},
   journal = {Jurnal Sentris},
   number = {1},
   year = {2006},
   type = {Journal Article}
}

@article{lastdrager:2014,
   author = {Lastdrager, Elmer},
   title = {Achieving a consensual definition of phishing based on a systematic review of the literature},
   year = {2014},
   type = {Journal Article}
}

@inproceedings{le:2011,
   author = {Le, Anh and Markopoulou, Athina and Faloutsos, Michalis},
   title = {Phishdef: Url names say it all},
   booktitle = {INFOCOM, 2011 Proceedings IEEE},
   publisher = {IEEE},
   pages = {191-195},
   ISBN = {1424499194},
   type = {Conference Proceedings}
}

@article{leach:2003,
   author = {Leach, John},
   title = {Improving user security behaviour},
   journal = {Computers \& Security},
   volume = {22},
   number = {8},
   pages = {685-692},
   ISSN = {0167-4048},
   DOI = {http://dx.doi.org/10.1016/S0167-4048(03)00007-5},
   url = {http://www.sciencedirect.com/science/article/pii/S0167404803000075},
   year = {2003},
   type = {Journal Article}
}



@inproceedings{liu:2010,
   author = {Liu, Gang and Qiu, Bite and Wenyin, Liu},
   title = {Automatic detection of phishing target from phishing webpage},
   booktitle = {Pattern Recognition (ICPR), 2010 20th International Conference on},
   publisher = {IEEE},
   pages = {4153-4156},
   ISBN = {1424475422},
   type = {Conference Proceedings}
}

@article{liu,
   author = {Liu, Haotian and Pan, Xiang and Qu, Zhengyang},
   title = {Learning based Malicious Web Sites Detection using Suspicious URLs},
   type = {Journal Article}
}

@inproceedings{lubis:2010,
   author = {Lubis, Muharman and Maulana, Fajri Achmad},
   title = {Information and electronic transaction law effectiveness (UU-ITE) in Indonesia},
   booktitle = {Information and Communication Technology for the Muslim World (ICT4M), 2010 International Conference on},
   publisher = {IEEE},
   pages = {C-13-C-19},
   ISBN = {1424479207},
   type = {Conference Proceedings}
}

@article{lynch:2005,
   author = {Lynch, Jennifer},
   title = {Identity theft in cyberspace: crime control methods and their effectiveness in combating phishing attacks},
   journal = {Berkeley Tech. LJ},
   volume = {20},
   pages = {259},
   year = {2005},
   type = {Journal Article}
}

@inproceedings{ma:2009,
   author = {Ma, Justin and Saul, Lawrence K and Savage, Stefan and Voelker, Geoffrey M},
   title = {Beyond blacklists: learning to detect malicious web sites from suspicious URLs},
   booktitle = {Proceedings of the 15th ACM SIGKDD international conference on Knowledge discovery and data mining},
   publisher = {ACM},
   pages = {1245-1254},
   ISBN = {1605584959},
   type = {Conference Proceedings}
}

@inproceedings{ma2:2009,
   author = {Ma, Justin and Saul, Lawrence K and Savage, Stefan and Voelker, Geoffrey M},
   title = {Identifying suspicious URLs: an application of large-scale online learning},
   booktitle = {Proceedings of the 26th Annual International Conference on Machine Learning},
   publisher = {ACM},
   pages = {681-688},
   ISBN = {1605585165},
   type = {Conference Proceedings}
}

@article{mansfield:2013,
  title={Interview: Joe Ferrara--fighting phishing},
  author={Mansfield-Devine, Steve},
  journal={Computer Fraud \& Security},
  volume={2013},
  number={7},
  pages={17--20},
  year={2013},
  publisher={Elsevier}
}

@article{mccall:2007,
   author = {McCall, Tom},
   title = {Gartner survey shows phishing attacks escalated in 2007; more than \$3 billion lost to these attacks},
   journal = {Stephane GALLAND},
   year = {2007},
   type = {Journal Article}
}


@book{mitnik:2001,
   author = {Mitnick, Kevin D and Simon, William L},
   title = {The art of deception: Controlling the human element of security},
   publisher = {Wiley},
   ISBN = {0471432288},
   year = {2001},
   type = {Book}
}

@inproceedings{moore:2007,
   author = {Moore, Tyler and Clayton, Richard},
   title = {An Empirical Analysis of the Current State of Phishing Attack and Defence},
   booktitle = {WEIS},
   publisher = {Citeseer},
   type = {Conference Proceedings}
}

@inproceedings{moore2:2007,
   author = {Moore, Tyler and Clayton, Richard},
   title = {Examining the impact of website take-down on phishing},
   booktitle = {Proceedings of the anti-phishing working groups 2nd annual eCrime researchers summit},
   publisher = {ACM},
   pages = {1-13},
   ISBN = {1595939393},
   type = {Conference Proceedings}
}

@inbook{moore:2008,
   author = {Moore, Tyler and Clayton, Richard},
   title = {Evaluating the wisdom of crowds in assessing phishing websites},
   booktitle = {Financial Cryptography and Data Security},
   publisher = {Springer},
   pages = {16-30},
   ISBN = {3540852298},
   year = {2008},
   type = {Book Section}
}

@book{moura:2013,
   author = {Moura, Giovane C\'{e}sar},
   title = {Internet bad neighborhoods},
   publisher = {Giovane Cesar Moreira Moura},
   ISBN = {9036534607},
   year = {2013},
   type = {Book}
}

@misc{nawawi:2003,
   author = {Nawawi Arief, Barda},
   title = {Tindak pidana mayantara: perkembangan kajian cyber crime di Indonesia},
   publisher = {Jakarta: Raja Grafindo Persada},
   year = {2003},
   type = {Generic}
}

@inproceedings{nero:2011,
   author = {Nero, Philip J and Wardman, Brad and Copes, Heith and Warner, Gary},
   title = {Phishing: Crime that pays},
   booktitle = {eCrime Researchers Summit (eCrime), 2011},
   publisher = {IEEE},
   pages = {1-10},
   ISBN = {1457713403},
   type = {Conference Proceedings}
}

@book{organization:2005,
   author = {Organizaci\'{o}n Internacional de Normalizaci\'{o}n},
   title = {ISO/IEC 27002: Information Technology, Security Techniques, Code of Practice for Information Security Management},
   publisher = {ISO/IEC},
   year = {2005},
   type = {Book}
}

@article{orman:2013,
   author = {Orman, Hilarie},
   title = {The Compleat Story of Phish},
   journal = {Internet Computing, IEEE},
   volume = {17},
   number = {1},
   pages = {87-91},
   ISSN = {1089-7801},
   year = {2013},
   type = {Journal Article}
}

@inproceedings{pahnila:2007,
   author = {Pahnila, Seppo and Siponen, Mikko and Mahmood, Adam},
   title = {Employees' behavior towards IS security policy compliance},
   booktitle = {System Sciences, 2007. HICSS 2007. 40th Annual Hawaii International Conference on},
   publisher = {IEEE},
   pages = {156b-156b},
   ISBN = {1530-1605},
   type = {Conference Proceedings}
}

@inproceedings{parmar:2014,
   author = {Parmar, Parth and Patel, Kalpesh},
   title = {Comparison of Phishing Detection Techniques},
   booktitle = {International Journal of Engineering Research and Technology},
   publisher = {ESRSA Publications},
   volume = {3},
   ISBN = {2278-0181},
   type = {Conference Proceedings}
}

@book{parno:2006,
   author = {Parno, Bryan and Kuo, Cynthia and Perrig, Adrian},
   title = {Phoolproof phishing prevention},
   publisher = {Springer},
   ISBN = {3540462554},
   year = {2006},
   type = {Book}
}


@article{purkait,
   author = {Purkait, Swapan},
   title = {Phishing counter measures and their effectiveness - literature review},
   journal = {Information Management \& Computer Security},
   volume = {20},
   number = {5},
   pages = {382-420},
   ISSN = {0968-5227},
   year = {2012},
   type = {Journal Article}
}

@article{raharjo:2006,
   author = {Raharjo, Agus},
   title = {Kebijakan Kriminalisasi dan Penanganan Cybercrime di Indonesia},
   journal = {Serial Online},
   volume = {12},
   year = {2006},
   type = {Journal Article}
}

@inproceedings{ramachandran:2006,
   author = {Ramachandran, Anirudh and Feamster, Nick},
   title = {Understanding the network-level behavior of spammers},
   booktitle = {ACM SIGCOMM Computer Communication Review},
   publisher = {ACM},
   volume = {36},
   pages = {291-302},
   ISBN = {1595933085},
   type = {Conference Proceedings}
}

@techreport{rasmussen,
   author = {Rasmussen, Rod and Aaron, Greg and Routt, Aaron},
   title = {Global Phishing Survey: Trends and Domain use in 1H2012},
   institution = {APWG},
   year = {2012},
   type = {Report}
}

@article{rice:1953,
   author = {Rice, Albert Kenneth},
   title = {Productivity and social organization in an Indian weaving shed; an examination of some aspects of the socio-technical system of an experimental automatic loom shed},
   journal = {Human Relations},
   ISSN = {1741-282X},
   year = {1953},
   type = {Journal Article}
}

@article{rosiello:2007,
   author = {Rosiello, Angelo},
   title = {Anti-Phishing Security Strategy},
   year = {2007},
   type = {Journal Article}
}

@article{sasse:2001,
   author = {Sasse, Martina Angela and Brostoff, Sacha and Weirich, Dirk},
   title = {Transforming the 'weakest link'‚Äîa human/computer interaction approach to usable and effective security},
   journal = {BT technology journal},
   volume = {19},
   number = {3},
   pages = {122-131},
   ISSN = {1358-3948},
   year = {2001},
   type = {Journal Article}
}

@inproceedings{schechter:2007,
   author = {Schechter, Stuart E and Dhamija, Rachna and Ozment, Andy and Fischer, Ian},
   title = {The emperor's new security indicators},
   booktitle = {Security and Privacy, 2007. SP'07. IEEE Symposium on},
   publisher = {IEEE},
   pages = {51-65},
   ISBN = {0769528481},
   type = {Conference Proceedings}
}

@article{setiadi:2012,
   author = {Setiadi, Farisya},
   title = {An Overview of the Development Indonesia National Cyber Security},
   year = {2012},
   type = {Journal Article}
}

@inproceedings{sheng:2010,
   author = {Sheng, Steve and Holbrook, Mandy and Kumaraguru, Ponnurangam and Cranor, Lorrie Faith and Downs, Julie},
   title = {Who falls for phish?: a demographic analysis of phishing susceptibility and effectiveness of interventions},
   booktitle = {Proceedings of the 28th international conference on Human factors in computing systems},
   publisher = {ACM},
   pages = {373-382},
   ISBN = {1605589292},
   type = {Conference Proceedings}
}

@inproceedings{sheng:2009,
   author = {Sheng, Steve and Kumaraguru, Ponnurangam and Acquisti, Alessandro and Cranor, Lorrie and Hong, Jason},
   title = {Improving phishing countermeasures: An analysis of expert interviews},
   booktitle = {eCrime Researchers Summit, 2009. eCRIME'09.},
   publisher = {IEEE},
   pages = {1-15},
   ISBN = {1424446252},
   type = {Conference Proceedings}
}

@article{shreve:2004,
   author = {Shreve, Michael},
   title = {The office now a major place for identity theft},
   journal = {Crains},
   pages = {1-4},
   year = {2004},
   type = {Journal Article}
}

@book{suhariyanto:2012,
   author = {Suhariyanto, Budi},
   title = {Tindak pidana teknologi informasi (cybercrime): urgensi pengaturan dan celah hukumnya},
   publisher = {RajaGrafindo Indonesia},
   ISBN = {9797694461},
   year = {2012},
   type = {Book}
}


@article{torraco:2005,
   author = {Torraco, Richard J},
   title = {Writing integrative literature reviews: Guidelines and examples},
   journal = {Human Resource Development Review},
   volume = {4},
   number = {3},
   pages = {356-367},
   ISSN = {1534-4843},
   year = {2005},
   type = {Journal Article}
}

@article{trist:1951,
   author = {Trist, EL and Bamforth, KW},
   title = {Some Social and Psychological Consequences of the Longwall Method},
   year = {1951},
   type = {Journal Article}
}

@article{vonsolms:2004,
   author = {Von Solms, Basie and Von Solms, Rossouw},
   title = {The 10 deadly sins of information security management},
   journal = {Computers \& Security},
   volume = {23},
   number = {5},
   pages = {371-376},
   ISSN = {0167-4048},
   year = {2004},
   type = {Journal Article}
}

@inproceedings{wardman:2009,
   author = {Wardman, Brad and Shukla, Gaurang and Warner, Gary},
   title = {Identifying vulnerable websites by analysis of common strings in phishing URLs},
   booktitle = {eCrime Researchers Summit, 2009. eCRIME'09.},
   publisher = {IEEE},
   pages = {1-13},
   ISBN = {1424446252},
   type = {Conference Proceedings}
}

@article{wenyin:2010,
   author = {Wenyin, Liu and Fang, Ning and Quan, Xiaojun and Qiu, Bite and Liu, Gang},
   title = {Discovering phishing target based on semantic link network},
   journal = {Future Generation Computer Systems},
   volume = {26},
   number = {3},
   pages = {381-388},
   ISSN = {0167-739X},
   year = {2010},
   type = {Journal Article}
}

@inproceedings{whalen:2005,
   author = {Whalen, Tara and Inkpen, Kori M},
   title = {Gathering evidence: use of visual security cues in web browsers},
   booktitle = {Proceedings of Graphics Interface 2005},
   publisher = {Canadian Human-Computer Communications Society},
   pages = {137-144},
   ISBN = {1568812655},
   type = {Conference Proceedings}
}

@inproceedings{white:2012,
   author = {White, Joshua S and Matthews, Jeanna N and Stacy, John L},
   title = {A method for the automated detection phishing websites through both site characteristics and image analysis},
   booktitle = {SPIE Defense, Security, and Sensing},
   publisher = {International Society for Optics and Photonics},
   pages = {84080B-84080B-11},
   type = {Conference Proceedings}
}

@article{workman:2008,
   author = {Workman, Michael},
   title = {Wisecrackers: A theory - grounded investigation of phishing and pretext social engineering threats to information security},
   journal = {Journal of the American Society for Information Science and Technology},
   volume = {59},
   number = {4},
   pages = {662-674},
   ISSN = {1532-2890},
   year = {2008},
   type = {Journal Article}
}

@phdthesis{wu:2006,
   author = {Wu, Min},
   title = {Fighting phishing at the user interface},
   university = {Massachusetts Institute of Technology},
   year = {2006},
   type = {Thesis}
}

@article{xiang:2011,
   author = {Xiang, Guang and Hong, Jason and Rose, Carolyn P and Cranor, Lorrie},
   title = {CANTINA+: a feature-rich machine learning framework for detecting phishing web sites},
   journal = {ACM Transactions on Information and System Security (TISSEC)},
   volume = {14},
   number = {2},
   pages = {21},
   ISSN = {1094-9224},
   year = {2011},
   type = {Journal Article}
}

@article{yang:2006,
   author = {Yang, Kiduk and Meho, Lokman I},
   title = {Citation analysis: a comparison of Google Scholar, Scopus, and Web of Science},
   journal = {Proceedings of the American Society for Information Science and Technology},
   volume = {43},
   number = {1},
   pages = {1-15},
   ISSN = {1550-8390},
   year = {2006},
   type = {Journal Article}
}

@inproceedings{yao:2013,
   author = {Yao, Huiping and Shin, Dongwan},
   title = {Towards preventing QR code based attacks on android phone using security warnings},
   booktitle = {Proceedings of the 8th ACM SIGSAC symposium on Information, computer and communications security},
   publisher = {ACM},
   pages = {341-346},
   ISBN = {1450317677},
   type = {Conference Proceedings}
}

@inproceedings{zhang:2008,
   author = {Zhang, Jian and Porras, Phillip A and Ullrich, Johannes},
   title = {Highly Predictive Blacklisting},
   booktitle = {USENIX Security Symposium},
   pages = {107-122},
   type = {Conference Proceedings}
}

@inproceedings{zhang:2006,
   author = {Zhang, Yue and Egelman, Serge and Cranor, Lorrie and Hong, Jason},
   title = {Phinding phish: Evaluating anti-phishing tools},
   publisher = {ISOC},
   type = {Conference Proceedings}
}

@inproceedings{zhang:2007,
   author = {Zhang, Yue and Hong, Jason I and Cranor, Lorrie F},
   title = {Cantina: a content-based approach to detecting phishing web sites},
   booktitle = {Proceedings of the 16th international conference on World Wide Web},
   publisher = {ACM},
   pages = {639-648},
   ISBN = {1595936548},
   type = {Conference Proceedings}
}

 
 @article{pennebaker1976american,
  title={American graffiti: Effects of authority and reactance arousal},
  author={Pennebaker, James W and Sanders, Deborah Yates},
  journal={Personality and Social Psychology Bulletin},
  volume={2},
  number={3},
  pages={264--267},
  year={1976},
  publisher={Sage Publications}
}

@article{dotterweich2006practicality,
  title={The practicality of Super Bowl advertising for new products and companies},
  author={Dotterweich, Douglas P and Collins, Kimberly S},
  journal={Journal of Promotion Management},
  volume={11},
  number={4},
  pages={19--31},
  year={2006},
  publisher={Taylor \& Francis}
}

@article{tajfel2004social,
  title={The Social Identity Theory of Intergroup Behavior.},
  author={Tajfel, Henri and Turner, John C},
  year={2004},
  publisher={Psychology Press}
}

 @misc{ phishload,
   author = "Max Emanuel Maurer",
   title = "Phishload",
   url = "http://www.medien.ifi.lmu.de/team/max.maurer/files/phishload/index.html",
   note = "[Online; accessed 3-April-2014]"
 }
 
 @incollection{ludl2007effectiveness,
  title={On the effectiveness of techniques to detect phishing sites},
  author={Ludl, Christian and McAllister, Sean and Kirda, Engin and Kruegel, Christopher},
  booktitle={Detection of Intrusions and Malware, and Vulnerability Assessment},
  pages={20--39},
  year={2007},
  publisher={Springer}
}

@inproceedings{kirda2005protecting,
  title={Protecting users against phishing attacks with antiphish},
  author={Kirda, Engin and Kruegel, Christopher},
  booktitle={Computer Software and Applications Conference, 2005. COMPSAC 2005. 29th Annual International},
  volume={1},
  pages={517--524},
  year={2005},
  organization={IEEE}
}

@incollection{moura2009scalable,
  title={Scalable Detection and Isolation of Phishing},
  author={Moura, Giovane CM and Pras, Aiko},
  booktitle={Scalability of Networks and Services},
  pages={195--198},
  year={2009},
  publisher={Springer}
}

  @misc{ RSA:2014,
   author = "RSA FraudAction",
   title = "RSA Monthly Fraud Report",
   url = "http://www.emc.com/security/rsa-identity-protection-and-verification/rsa-fraudaction/rsa-fraudaction-antiphishing-service.htm",
   note = "[Online; accessed 6-August-2014]"
 }
 
 
 @misc{ belgiumpolice:2014,
   author = "Belgium Police Department",
   title = "Portaal van de Belgische politie",
   url = "http://www.polfed-fedpol.be/",
   note = "[Online; accessed 13-May-2014]"
 }
 
 @misc{ belgiumpolice2:2014,
   author = "Belgium Police Department",
   title = "Overzicht per criminele figuur",
   url = "http://www.polfed-fedpol.be/crim/crim_statistieken/app_crimestat/app_crimestat_dashboard_crimfig_misdrijven_nl.php",
   note = "[Online; accessed 13-May-2014]"
 }
 
  @inproceedings{soghoian2008threat,
  title={The Threat of Political Phishing.},
  author={Soghoian, Christopher and Friedrichs, Oliver and Jakobsson, Markus},
  booktitle={HAISA},
  pages={126--143},
  year={2008}
}

@inproceedings{blythe2011f,
  title={F for fake: four studies on how we fall for phish},
  author={Blythe, Mark and Petrie, Helen and Clark, John A},
  booktitle={Proceedings of the SIGCHI Conference on Human Factors in Computing Systems},
  pages={3469--3478},
  year={2011},
  organization={ACM}
}

@article{jagatic2007social,
  title={Social phishing},
  author={Jagatic, Tom N and Johnson, Nathaniel A and Jakobsson, Markus and Menczer, Filippo},
  journal={Communications of the ACM},
  volume={50},
  number={10},
  pages={94--100},
  year={2007},
  publisher={ACM}
}

@inproceedings{ma2009detecting,
  title={Detecting phishing emails using hybrid features},
  author={Ma, Liping and Ofoghi, Bahadorrezda and Watters, Paul and Brown, Simon},
  booktitle={Ubiquitous, Autonomic and Trusted Computing, 2009. UIC-ATC'09. Symposia and Workshops on},
  pages={493--497},
  year={2009},
  organization={IEEE}
}

@article{stajano2011understanding,
  title={Understanding scam victims: seven principles for systems security},
  author={Stajano, Frank and Wilson, Paul},
  journal={Communications of the ACM},
  volume={54},
  number={3},
  pages={70--75},
  year={2011},
  publisher={ACM}
}

 @misc{ fraudehelpdesk,
   author = "Ministerie van Veiligheid en Justitie",
   title = "Nationale helpdesk voor vragen en meldingen over fraude",
   url = "http://www.fraudehelpdesk.nl/over-ons",
   note = "[Online; accessed 13-July-2014]"
 }
 
@inproceedings{drake2004anatomy,
  title={Anatomy of a Phishing Email.},
  author={Drake, Christine E and Oliver, Jonathan J and Koontz, Eugene J},
  booktitle={CEAS},
  year={2004}
}

@inproceedings{kumaraguru2007protecting,
  title={Protecting people from phishing: the design and evaluation of an embedded training email system},
  author={Kumaraguru, Ponnurangam and Rhee, Yong and Acquisti, Alessandro and Cranor, Lorrie Faith and Hong, Jason and Nunge, Elizabeth},
  booktitle={Proceedings of the SIGCHI conference on Human factors in computing systems},
  pages={905--914},
  year={2007},
  organization={ACM}
}